<?xml version="1.0" encoding="UTF-8"?>
<record xmlns="http://www.loc.gov/MARC21/slim">
   <leader>01476cam a2200445 a 4500</leader>
   <controlfield tag="001">5873688</controlfield>
   <controlfield tag="003">LTSCA</controlfield>
   <controlfield tag="005">20120924152431.0</controlfield>
   <controlfield tag="008">081028s1998    abca         s000 0 eng  </controlfield>
   <datafield tag="016" ind1=" " ind2=" ">
      <subfield code="a">20088033783</subfield>
   </datafield>
   <datafield tag="020" ind1=" " ind2=" ">
      <subfield code="a">0774114398</subfield>
   </datafield>
   <datafield tag="020" ind1=" " ind2=" ">
      <subfield code="a">9780774114394</subfield>
   </datafield>
   <datafield tag="020" ind1=" " ind2=" ">
      <subfield code="a">0774114401 (booklet)</subfield>
   </datafield>
   <datafield tag="020" ind1=" " ind2=" ">
      <subfield code="a">9780774114400 (booklet)</subfield>
   </datafield>
   <datafield tag="035" ind1=" " ind2=" ">
      <subfield code="a">ocn271431556</subfield>
   </datafield>
   <datafield tag="040" ind1=" " ind2=" ">
      <subfield code="a">NLC</subfield>
      <subfield code="b">eng</subfield>
      <subfield code="c">NLC</subfield>
      <subfield code="d">AEU</subfield>
   </datafield>
   <datafield tag="049" ind1=" " ind2=" ">
      <subfield code="a">UABA</subfield>
   </datafield>
   <datafield tag="050" ind1=" " ind2="4">
      <subfield code="a">TK5101</subfield>
      <subfield code="b">.T45 1998</subfield>
   </datafield>
   <datafield tag="055" ind1="0" ind2="6">
      <subfield code="a">COP.AL.2.2008-295</subfield>
   </datafield>
   <datafield tag="090" ind1=" " ind2=" ">
      <subfield code="a">TK 5101 T45 1998</subfield>
      <subfield code="b">AEU</subfield>
   </datafield>
   <datafield tag="240" ind1="0" ind2="0">
      <subfield code="a">Telecommunications 1 : / INF 2190.</subfield>
   </datafield>
   <datafield tag="245" ind1="0" ind2="0">
      <subfield code="a">Telecommunications 1 : INF 2190</subfield>
      <subfield code="b">INF 2190.</subfield>
   </datafield>
   <datafield tag="246" ind1="3" ind2=" ">
      <subfield code="a">Telecommunication one</subfield>
   </datafield>
   <datafield tag="246" ind1="3" ind2="0">
      <subfield code="a">INF 2190</subfield>
   </datafield>
   <datafield tag="246" ind1="3" ind2="0">
      <subfield code="a">Information processing 2190</subfield>
   </datafield>
   <datafield tag="246" ind1="1" ind2=" ">
      <subfield code="i">At head of title on cover:</subfield>
      <subfield code="a">Career &amp; Technology Studies</subfield>
   </datafield>
   <datafield tag="260" ind1=" " ind2=" ">
      <subfield code="a">Edmonton :</subfield>
      <subfield code="b">Alberta Education :</subfield>
      <subfield code="b">Learning Technologies Branch,</subfield>
      <subfield code="c">c1998.</subfield>
   </datafield>
   <datafield tag="300" ind1=" " ind2=" ">
      <subfield code="a">96 p. :</subfield>
      <subfield code="b">ill. ;</subfield>
      <subfield code="c">28 cm +</subfield>
      <subfield code="e">1 booklet.</subfield>
   </datafield>
   <datafield tag="336" ind1=" " ind2=" ">
      <subfield code="a">text</subfield>
      <subfield code="b">txt</subfield>
      <subfield code="2">rdacontent</subfield>
   </datafield>
   <datafield tag="337" ind1=" " ind2=" ">
      <subfield code="a">unmediated</subfield>
      <subfield code="b">n</subfield>
      <subfield code="2">rdamedia</subfield>
   </datafield>
   <datafield tag="338" ind1=" " ind2=" ">
      <subfield code="a">volume</subfield>
      <subfield code="b">nc</subfield>
      <subfield code="2">rdacarrier</subfield>
   </datafield>
   <datafield tag="590" ind1=" " ind2=" ">
      <subfield code="a">Approved for use in Alberta schools.</subfield>
   </datafield>
   <datafield tag="596" ind1=" " ind2=" ">
      <subfield code="a">38</subfield>
   </datafield>
   <datafield tag="650" ind1=" " ind2="0">
      <subfield code="a">Telecommunication systems.</subfield>
   </datafield>
   <datafield tag="710" ind1="1" ind2=" ">
      <subfield code="a">Alberta.</subfield>
      <subfield code="b">Alberta Education.</subfield>
   </datafield>
   <datafield tag="710" ind1="1" ind2=" ">
      <subfield code="a">Alberta.</subfield>
      <subfield code="b">Learning Technologies Branch.</subfield>
   </datafield>
   <datafield tag="949" ind1=" " ind2=" ">
      <subfield code="a">TK 5101 T45 1998</subfield>
      <subfield code="c">1</subfield>
      <subfield code="h">UABA-NL-B</subfield>
      <subfield code="i">0162030921330</subfield>
   </datafield>
   <datafield tag="994" ind1=" " ind2=" ">
      <subfield code="a">C0</subfield>
      <subfield code="b">UAB</subfield>
   </datafield>
   <datafield tag="926" ind1=" " ind2=" ">
      <subfield code="a">UABARD</subfield>
      <subfield code="b">ON_SHELF</subfield>
      <subfield code="c">TK 5101 T45 1998</subfield>
      <subfield code="d">NO_LOAN</subfield>
      <subfield code="f">1</subfield>
   </datafield>
   <datafield tag="926" ind1=" " ind2=" ">
      <subfield code="a">UABARD</subfield>
      <subfield code="b">ON_SHELF</subfield>
      <subfield code="c">TK 5101 T45 1998</subfield>
      <subfield code="d">BOOK</subfield>
      <subfield code="f">2</subfield>
   </datafield>
   <datafield tag="926" ind1=" " ind2=" ">
      <subfield code="a">UABARD</subfield>
      <subfield code="b">ON_SHELF</subfield>
      <subfield code="c">TK 5101 T45 1998 bklt.</subfield>
      <subfield code="d">BOOK</subfield>
      <subfield code="f">1</subfield>
   </datafield>
</record>
